<record><leader>00000cas a22000007a 4500</leader><controlfield tag="001">22194956</controlfield><controlfield tag="008">900808d19781982mauwr ne      0    0eng d</controlfield><controlfield tag="009">9107</controlfield><datafield ind1=" " ind2=" " tag="010"><subfield code="a">sn 89063295 </subfield></datafield><datafield ind1=" " ind2=" " tag="040"><subfield code="a">MGN</subfield><subfield code="b">eng</subfield><subfield code="c">MGN</subfield></datafield><datafield ind1=" " ind2=" " tag="042"><subfield code="a">msc</subfield></datafield><datafield ind1="0" ind2="4" tag="245"><subfield code="a">The Natick sun.</subfield></datafield><datafield ind1=" " ind2=" " tag="260"><subfield code="a">Needham, Mass. :</subfield><subfield code="b">Suburban World Inc.,</subfield></datafield><datafield ind1=" " ind2=" " tag="300"><subfield code="a">v.</subfield></datafield><datafield ind1=" " ind2=" " tag="310"><subfield code="a">Weekly</subfield></datafield><datafield ind1="0" ind2=" " tag="362"><subfield code="a">Vol. 11, no. 34 (Sept. 6, 1978)-v. 15, no. 16 (Apr. 29, 1982).</subfield></datafield><datafield ind1=" " ind2=" " tag="500"><subfield code="a">Published in Natick, Mass., June 5, 1980-1982.</subfield></datafield><datafield ind1=" " ind2=" " tag="752"><subfield code="a">United States</subfield><subfield code="b">Massachusetts</subfield><subfield code="c">Middlesex</subfield><subfield code="d">Natick.</subfield></datafield><datafield ind1=" " ind2=" " tag="752"><subfield code="a">United States</subfield><subfield code="b">Massachusetts</subfield><subfield code="c">Norfolk</subfield><subfield code="d">Needham.</subfield></datafield><datafield ind1="0" ind2="0" tag="780"><subfield code="t">Natick suburban press</subfield><subfield code="w">(DLC)sn 89063300</subfield></datafield><datafield ind1="0" ind2="7" tag="785"><subfield code="t">Natick bulletin (Natick, Mass. : 1869)</subfield><subfield code="w">(DLC)sn 83020575</subfield></datafield><datafield ind1="0" ind2="7" tag="785"><subfield code="t">Natick bulletin and Natick sun</subfield><subfield code="w">(DLC)sn 89063319</subfield></datafield></record>